<?xml version="1.0" encoding="UTF-8"?><collection xmlns="http://www.loc.gov/MARC21/slim"><record><leader>00521nam--2200181-u-4500</leader><controlfield tag="001">000055661</controlfield><controlfield tag="002">20161230</controlfield><controlfield tag="005">20161230201052</controlfield><controlfield tag="008">130326s1000------------r-----000-0-rus-d</controlfield><datafield ind1=" " ind2=" " tag="040"><subfield code="a">IFIN-HH</subfield></datafield><datafield ind1=" " ind2=" " tag="041"><subfield code="a">rus</subfield></datafield><datafield ind1=" " ind2=" " tag="080"><subfield code="a">539.12.162.7:539.171.6</subfield></datafield><datafield ind1="1" ind2=" " tag="110"><subfield code="a">Upravlenie Naucinoi Informatii</subfield></datafield><datafield ind1="1" ind2="0" tag="245"><subfield code="a">Iadernie reaktii pri bolisih energiah</subfield><subfield code="b">Ceasti ii iadernie reaktii s tiajelmi ceastitami</subfield></datafield><datafield ind1=" " ind2=" " tag="260"><subfield code="a">Moskva</subfield><subfield code="b">Inostrannoi Literaturi</subfield><subfield code="c">1954</subfield></datafield><datafield ind1=" " ind2=" " tag="300"><subfield code="a">290P</subfield></datafield><datafield ind1=" " ind2=" " tag="852"><subfield code="a">3306</subfield><subfield code="c">H.H</subfield></datafield><datafield ind1=" " ind2=" " tag="CAT"><subfield code="a">Sys</subfield><subfield code="c">20130326</subfield><subfield code="h">161125</subfield></datafield></record></collection>